@article{RN524,
   author = {Davies, Robert B.},
   title = {Algorithm AS 155: The Distribution of a Linear Combination of χ 2 Random Variables},
   journal = {Applied Statistics},
   volume = {29},
   number = {3},
   pages = {323-333},
   year = {1980},
}

@article{RN485,
   author = {MacKinnon, James G. and White, Halbert},
   title = {Some heteroskedasticity-consistent covariance matrix estimators with improved finite sample properties},
   journal = {Journal of Econometrics},
   volume = {29},
   number = {3},
   pages = {305-325},
   year = {1985},
}

@article{RN248,
   author = {Firth, David},
   title = {Bias reduction of maximum likelihood estimates},
   journal = {Biometrika},
   volume = {80},
   number = {1},
   pages = {27-38},
   year = {1993},
}

@article{RN293,
   author = {Breiman, Leo},
   title = {Stacked regressions},
   journal = {Machine learning},
   volume = {24},
   number = {1},
   pages = {49-64},
   year = {1996},
}

@article{RN526,
   author = {Kuonen, D},
   title = {Miscellanea. Saddlepoint approximations for distributions of quadratic forms in normal variables},
   journal = {Biometrika},
   volume = {86},
   number = {4},
   pages = {929-935},
   year = {1999},
}

@book{RN488,
   author = {Butler, Ronald W.},
   title = {Saddlepoint Approximations with Applications},
   publisher = {Cambridge University Press},
   year = {2007},
}

@article{RN373,
   author = {Tchetgen Tchetgen, E. J. and Kraft, P.},
   title = {On the robustness of tests of genetic associations incorporating gene-environment interaction when the environmental exposure is misspecified},
   journal = {Epidemiology},
   volume = {22},
   number = {2},
   pages = {257-61},
   year = {2011},
}

@article{RN320,
   author = {Voorman, A. and Lumley, T. and McKnight, B. and Rice, K.},
   title = {Behavior of QQ-plots and genomic control in studies of gene-environment interaction},
   journal = {PLoS One},
   volume = {6},
   number = {5},
   year = {2011},
}

@article{RN386,
   author = {Wu, M. C. and Lee, S. and Cai, T. and Li, Y. and Boehnke, M. and Lin, X.},
   title = {Rare-variant association testing for sequencing data with the sequence kernel association test},
   journal = {Am J Hum Genet},
   volume = {89},
   number = {1},
   pages = {82-93},
   year = {2011},
}

@article{RN454,
   author = {Lee, S. and Wu, M. C. and Lin, X.},
   title = {Optimal tests for rare variant effects in sequencing association studies},
   journal = {Biostatistics},
   volume = {13},
   number = {4},
   pages = {762-75},
   year = {2012},
}

@article{RN487,
   author = {Lee, S. and Abecasis, G. R. and Boehnke, M. and Lin, X.},
   title = {Rare-variant association analysis: study designs and statistical tests},
   journal = {Am J Hum Genet},
   volume = {95},
   number = {1},
   pages = {5-23},
   year = {2014},
}

@article{RN514,
   author = {Wu, B. and Guan, W. and Pankow, J. S.},
   title = {On Efficient and Accurate Calculation of Significance P-Values for Sequence Kernel Association Testing of Variant Set},
   journal = {Ann Hum Genet},
   volume = {80},
   number = {2},
   pages = {123-35},
   year = {2016},
}

@article{RN245,
   author = {Dey, Rounak and Schmidt, Ellen M. and Abecasis, Goncalo R. and Lee, Seunggeun},
   title = {A Fast and Accurate Algorithm to Test for Binary Phenotypes and Its Application to PheWAS},
   journal = {The American Journal of Human Genetics},
   volume = {101},
   number = {1},
   pages = {37-49},
   year = {2017},
}

@article{RN417,
   author = {Young, A. I. and Wauthier, F. L. and Donnelly, P.},
   title = {Identifying loci affecting trait variability and detecting interactions in genome-wide association studies},
   journal = {Nat Genet},
   volume = {50},
   number = {11},
   pages = {1608-1614},
   year = {2018},
}

@article{RN339,
   author = {Liu, Y. and Chen, S. and Li, Z. and Morrison, A. C. and Boerwinkle, E. and Lin, X.},
   title = {ACAT: A Fast and Powerful p Value Combination Method for Rare-Variant Analysis in Sequencing Studies},
   journal = {Am J Hum Genet},
   volume = {104},
   number = {3},
   pages = {410-421},
   year = {2019},
}

@article{RN482,
   author = {Liu, Y. and Xie, J.},
   title = {Cauchy combination test: a powerful test with analytic p-value calculation under arbitrary dependency structures},
   journal = {J Am Stat Assoc},
   volume = {115},
   number = {529},
   pages = {393-402},
   year = {2020},
}

@article{RN452,
   author = {Zhao, Z. and Bi, W. and Zhou, W. and VandeHaar, P. and Fritsche, L. G. and Lee, S.},
   title = {UK Biobank Whole-Exome Sequence Binary Phenome Analysis with Robust Region-Based Rare-Variant Test},
   journal = {Am J Hum Genet},
   volume = {106},
   number = {1},
   pages = {3-12},
   year = {2020},
}

@article{RN491,
   author = {Ziyatdinov, Andrey and Barber, Mathew and Marchini, Jonathan},
   title = {Pooling information across burden tests in the UK Biobank exome sequencing study.},
   journal = {ASHG Conference},
   year = {2020},
}

@article{RN457,
   author = {Backman, J. D. and Li, A. H. and Marcketta, A. and Sun, D. and Mbatchou, J. and Kessler, M. D. and Benner, C. and Liu, D. and Locke, A. E. and Balasubramanian, S. and Yadav, A. and Banerjee, N. and Gillies, C. E. and Damask, A. and Liu, S. and Bai, X. and Hawes, A. and Maxwell, E. and Gurski, L. and Watanabe, K. and Kosmicki, J. A. and Rajagopal, V. and Mighty, J. and Regeneron Genetics, Center and DiscovEhr and Jones, M. and Mitnaul, L. and Stahl, E. and Coppola, G. and Jorgenson, E. and Habegger, L. and Salerno, W. J. and Shuldiner, A. R. and Lotta, L. A. and Overton, J. D. and Cantor, M. N. and Reid, J. G. and Yancopoulos, G. and Kang, H. M. and Marchini, J. and Baras, A. and Abecasis, G. R. and Ferreira, M. A. R.},
   title = {Exome sequencing and analysis of 454,787 UK Biobank participants},
   journal = {Nature},
   volume = {599},
   number = {7886},
   pages = {628-634},
   year = {2021},
}

@article{RN492,
   author = {Zhou, Wei and Bi, Wenjian and Zhao, Zhangchen and Dey, Kushal K. and Jagadeesh, Karthik A. and Karczewski, Konrad J. and Daly, Mark J. and Neale, Benjamin M. and Lee, Seunggeun},
   title = {Set-based rare variant association tests for biobank scale sequencing data sets},
   journal = {medRxiv},
   year = {2021},
}

@unpublished{RN629,
   author = {Ziyatdinov, Andrey and Mbatchou, Joelle and Marcketta, Anthony and Backman, Joshua and Gaynor, Sheila and Zou, Yuxin and Joseph, Tyler and Geraghty, Benjamin and Herman, Joseph and Watanabe, Kyoko and Ghosh, Arkopravo and Kosmicki, Jack and Locke, Adam and Thornton, Timothy and Kang, Hyun Min and Ferreira, Manuel and Baras, Aris and Abecasis, Goncalo and Marchini, Jonathan},
   title = {Joint testing of rare variant burden scores using non-negative least squares},
   journal = {bioRxiv},
   publisher = {Cold Spring Harbor Laboratory},
   DOI = {10.1101/2023.02.22.529560},
   year = {2023},
   type = {Unpublished Work}
}



