@article{de2015jspsych,
  title={jsPsych: A JavaScript library for creating behavioral experiments in a Web browser},
  author={De Leeuw, Joshua R},
  journal={Behavior research methods},
  volume={47},
  pages={1--12},
  year={2015},
  publisher={Springer}
}

@inproceedings{
demircan2024evaluating,
title={Evaluating alignment between humans and neural network representations in image-based learning tasks},
author={Can Demircan and Tankred Saanum and Leonardo Pettini and Marcel Binz and Blazej M Baczkowski and Christian F. Doeller and Mona M. Garvert and Eric Schulz},
booktitle={The Thirty-eighth Annual Conference on Neural Information Processing Systems},
year={2024},
url={https://openreview.net/forum?id=8i6px5W1Rf}
}

@article{musslick2020sweetpea,
  title={SweetPea: A standard language for factorial experimental design},
  author={Musslick, Sebastian and Cherkaev, Anastasia and Draut, Ben and Butt, Ahsan Sajjad and Darragh, Pierce and Srikumar, Vivek and Flatt, Matthew and Cohen, Jonathan D},
  journal={Behavior Research Methods},
  pages={1--25},
  year={2020},
  publisher={Springer}
}