@article{thebook,
  author = {The Author},
  title = {The Title},
  journal = {The Journal},
  year = {2024},
}